<?xml version="1.0" encoding="UTF-8"?><collection xmlns="http://www.loc.gov/MARC21/slim"><record><leader>00407nam--2200133-i-4500</leader><controlfield tag="001">000012894</controlfield><controlfield tag="002">20161230</controlfield><controlfield tag="005">20161230201030</controlfield><controlfield tag="008">060222s1000------------r-----000-0-eng-d</controlfield><datafield ind1=" " ind2=" " tag="080"><subfield code="a">539.184:546.65</subfield></datafield><datafield ind1=" " ind2=" " tag="100"><subfield code="a">Anouk, A. And Coqblin, B</subfield></datafield><datafield ind1=" " ind2=" " tag="245"><subfield code="a">The electronic structure of rare-earth metals and alloys: the magnetic heavy rare-earths</subfield></datafield><datafield ind1=" " ind2=" " tag="260"><subfield code="a">New York, Academic Press, 1977 Xvi + 656 P</subfield></datafield><datafield ind1=" " ind2=" " tag="852"><subfield code="a">45320</subfield></datafield></record></collection>